<record><leader>00000cas a2200000 a 4500</leader><controlfield tag="001">14192213</controlfield><controlfield tag="008">860908c19579999kyudn ne      0    0eng d</controlfield><controlfield tag="009">5569</controlfield><datafield ind1=" " ind2=" " tag="010"><subfield code="a">sn 86069483 </subfield></datafield><datafield ind1=" " ind2=" " tag="040"><subfield code="a">KNP</subfield><subfield code="b">eng</subfield><subfield code="c">KNP</subfield><subfield code="d">OCL</subfield><subfield code="d">KNP</subfield><subfield code="d">OCL</subfield><subfield code="d">OCLCQ</subfield><subfield code="d">KYUBL</subfield><subfield code="d">OCLCQ</subfield><subfield code="d">OCLCO</subfield><subfield code="d">OCLCF</subfield></datafield><datafield ind1="1" ind2=" " tag="029"><subfield code="a">AU@</subfield><subfield code="b">000020427414</subfield></datafield><datafield ind1=" " ind2=" " tag="042"><subfield code="a">msc</subfield></datafield><datafield ind1=" " ind2=" " tag="043"><subfield code="a">n-us-ky</subfield></datafield><datafield ind1="0" ind2="4" tag="245"><subfield code="a">The Glasgow daily times.</subfield></datafield><datafield ind1="1" ind2="7" tag="246"><subfield code="a">Daily times</subfield></datafield><datafield ind1=" " ind2=" " tag="260"><subfield code="a">Glasgow, Ky. :</subfield><subfield code="b">Carroll Knicely</subfield></datafield><datafield ind1=" " ind2=" " tag="300"><subfield code="a">v.</subfield></datafield><datafield ind1=" " ind2=" " tag="310"><subfield code="a">Daily (except Sat.)</subfield></datafield><datafield ind1=" " ind2=" " tag="321"><subfield code="a">Daily (except Sat. and Sun.)</subfield></datafield><datafield ind1="0" ind2=" " tag="362"><subfield code="a">Vol. 92, no. 106 (Apr. 2, 1957)-</subfield></datafield><datafield ind1=" " ind2=" " tag="500"><subfield code="a">In 1967 bought the other Glasgow paper (a weekly): Glasgow republican, and continued publishing it.</subfield></datafield><datafield ind1=" " ind2="0" tag="651"><subfield code="a">Barren County (Ky.)</subfield><subfield code="v">Newspapers.</subfield></datafield><datafield ind1=" " ind2="0" tag="651"><subfield code="a">Glasgow (Ky.)</subfield><subfield code="v">Newspapers.</subfield></datafield><datafield ind1=" " ind2="7" tag="655"><subfield code="a">Newspapers.</subfield><subfield code="2">fast</subfield><subfield code="0">(OCoLC)fst01423814</subfield></datafield><datafield ind1=" " ind2="7" tag="651"><subfield code="a">Kentucky</subfield><subfield code="z">Barren County.</subfield><subfield code="2">fast</subfield><subfield code="0">(OCoLC)fst01211111</subfield></datafield><datafield ind1=" " ind2="7" tag="651"><subfield code="a">Kentucky</subfield><subfield code="z">Glasgow.</subfield><subfield code="2">fast</subfield><subfield code="0">(OCoLC)fst01218676</subfield></datafield><datafield ind1=" " ind2=" " tag="752"><subfield code="a">United States</subfield><subfield code="b">Kentucky</subfield><subfield code="c">Barren</subfield><subfield code="d">Glasgow.</subfield></datafield><datafield ind1="0" ind2="0" tag="780"><subfield code="t">Glasgow times and the evening journal</subfield><subfield code="w">(DLC)sn 86069482</subfield></datafield></record>